
@article{amsterdamer2016december,
	title={December: A Declarative Tool for Crowd Member Selection},
	author={Amsterdamer, Yael and Milo, Tova and Somech, Amit and Youngmann, Brit},
	journal={VLDB},
	year={2016}
}
%	volume={9},
%number={13},

@article{ghazanfar2014leveraging,
	title={Leveraging clustering approaches to solve the gray-sheep users problem in recommender systems},
	author={Ghazanfar, Mustansar Ali and Pr{\"u}gel-Bennett, Adam},
	journal={Expert Systems with Applications},
	year={2014},
	publisher={Elsevier}
}

%%%%%%%%%%Query relaxation%%%%%%%%%%%%%
@article{zheng2016semantic,
	title={Semantic {SPARQL} similarity search over {RDF} knowledge graphs},
	author={Zheng, Weiguo and Zou, Lei and Peng, Wei and Yan, Xifeng and Song, Shaoxu and Zhao, Dongyan},
	journal={PVLDB},
	year={2016},
	publisher={VLDB Endowment}
}

@inproceedings{koudas2006relaxing,
	title={Relaxing join and selection queries},
	author={Koudas, Nick and Li, Chen and Tung, Anthony KH and Vernica, Rares},
	booktitle={PVLDB},
	year={2006},
	--organization={VLDB Endowment}
}

%%%%%%%%%building domain ontology%%%%%%%
@inproceedings{velardi2001using,
	title={Using text processing techniques to automatically enrich a domain ontology},
	author={Velardi, Paola and Fabriani, Paolo and Missikoff, Michele},
	booktitle={FOIS},
	year={2001},
	--organization={ACM}
}

@inproceedings{sarasua2012crowdmap,
	title={Crowdmap: Crowdsourcing ontology alignment with microtasks},
	author={Sarasua, Cristina and Simperl, Elena and Noy, Natalya F},
	booktitle={ISWC},
	year={2012},
	--organization={Springer}
}



%%%%%%%%%%%Ontology matching%%%%%%%%%%%%%%%%%5
@article{suchanek2011paris,
	title={Paris: Probabilistic alignment of relations, instances, and schema},
	author={Suchanek, Fabian M and Abiteboul, Serge and Senellart, Pierre},
	journal={PVLDB},
	year={2011},
	publisher={VLDB}
}

@inproceedings{aumueller2005schema,
	title={Schema and ontology matching with COMA++},
	author={Aumueller, David and Do, Hong-Hai and Massmann, Sabine and Rahm, Erhard},
	booktitle={SIGMOD},
	year={2005},
	--organization={Acm}
}

@article{hu2008matching,
	title={Matching large ontologies: A divide-and-conquer approach},
	author={Hu, Wei and Qu, Yuzhong and Cheng, Gong},
	journal={DKE},
	year={2008},
	publisher={Elsevier}
}

@inproceedings{jean2007asmov,
	title={Asmov: Ontology alignment with semantic validation},
	author={Jean-Mary, Yves and Kabuka, Mansur},
	booktitle={SWDB-ODBIS},
	year={2007}
}

%%%%%%%%%%%workers quality%%%%%%%%%%%%%%%%
@inproceedings{ni2010credibility,
	title={Credibility-enhanced curated database: Improving the value of curated databases.},
	author={Ni, Qun and Bertino, Elisa},
	booktitle={ICDE},
	year={2010}
}

@article{allahbakhsh2013quality,
	title={Quality control in crowdsourcing systems},
	author={Allahbakhsh, Mohammad and Benatallah, Boualem and Ignjatovic, A and Motahari-Nezhad, HR and Bertino, E and Dustdar, S},
	journal={IEEE},
	year={2013},
	publisher={Citeseer}
}


%%%%%%%%%%%%%%%%%%%%%%%%%%%%%%%%%%%%%
%       CROWD SELECTION             %
%%%%%%%%%%%%%%%%%%%%%%%%%%%%%%%%%%%%%
%%%%%%%%%%%SVM%%%%%%%%%%%%%%
@inproceedings{Oku:2006:CSC:1136643.1136797,
 author = {Oku, Kenta and Nakajima, Shinsuke and Miyazaki, Jun and Uemura, Shunsuke},
 title = {Context-Aware SVM for Context-Dependent Information Recommendation},
 series = {MDM},
 year = {2006},

} 
 publisher = {IEEE},
 booktitle = {Proceedings of the 7th International Conference on Mobile Data Management},

@inproceedings{anderton2013analysis,
	title={An analysis of crowd workers mistakes for specific and complex relevance assessment task},
	author={Anderton, Jesse and Bashir, Maryam and Pavlu, Virgil and Aslam, Javed A},
	booktitle={CIKM},
	year={2013},
	--organization={ACM}
}




%%%%expressiveness%%%%
@inproceedings{cohen2011principles,
  title={On Principles of Egocentric Person Search in Social Networks.},
  author={Cohen, Sara and Kimelfeld, Benny and Koutrika, Georgia and Vondr{\'a}k, Jan},
  booktitle={VLDS},
  year={2011}
}
  pages={3--6},
%%%%%%


%%%%%%%query languages%%%%%%%
@article{jacob2014system,
  title={A system for management and analysis of preference data},
  author={Jacob, Marie and Kimelfeld, Benny and Stoyanovich, Julia},
  journal={PVLDB},
  year={2014},
  
}
%pages={1255--1258},

@inproceedings{horowitz2010anatomy,
  title={The anatomy of a large-scale social search engine},
  author={Horowitz, Damon and Kamvar, Sepandar D},
  booktitle={WWW},
  year={2010},
}
  pages={431--440},



@inproceedings{Ronen:2009:SLQ:1546683.1547422,
 author = {Ronen, Royi and Shmueli, Oded},
 title = {{SoQL}: A Language for Querying and Creating Data in Social Networks},
 series = {ICDE},
 year = {2009},
} 

 
 @incollection{dries2012biql,
  title={BiQL: a query language for analyzing information networks},
  author={Dries, Anton and Nijssen, Siegfried and De Raedt, Luc},
  year={2012},
    booktitle={Bisociative Knowledge Discovery},
}
. Springer, 2012.

  pages={147--165},
  
@inproceedings{martin2011snql,
  title={{SNQL}: A social networks query and transformation language},
 author={Mart{\i}n, MS and Gutierrez, C and Wood, PT},
  booktitle={AMW},
  year={2011}
}
  pages={r5},

%%%%%%%%%%%%%%%%%%%%%%%%%%%%


%%%%%%%%Link predictions$$$$$$$$

@article{akcora2013user,
	title={User similarities on social networks},
	author={Akcora, Cuneyt Gurcan and Carminati, Barbara and Ferrari, Elena},
	journal={Social Network Analysis and Mining},
	year={2013},
	publisher={Springer}
}

@inproceedings{cormode2014people,
  title={People like us: mining scholarly data for comparable researchers},
  author={Cormode, Graham and Muthukrishnan, S and Yan, Jinyun},
  booktitle={WWW},
  year={2014},
}
  
@inproceedings{cohen2013implementing,
  title={Implementing link-prediction for social networks in a database system},
  author={Cohen, Sara and Cohen-Tzemach, Netanel},
  booktitle={SIGMOD},
  year={2013},
}
  pages={37--42},

@article{Sarukkai:2000:LPP:347319.346322,
 author = {Sarukkai, Ramesh R.},
 title = {Link Prediction and Path Analysis Using Markov Chains},
   journal={Computer Networks},
  volume={33},
  number={1},
  -pages={377--386},
  year={2000},

} 

 
@inproceedings{Liben-Nowell:2003:LPP:956863.956972,
 author = {Liben-Nowell, David and Kleinberg, Jon},
 title = {The Link Prediction Problem for Social Networks},
 series = {CIKM},
 year = {2003},
} 


@inproceedings{Huang:2005:LPA:1065385.1065415,
 author = {Huang, Zan and Li, Xin and Chen, Hsinchun},
 title = {Link Prediction Approach to Collaborative Filtering},
 series = {JCDL},
 year = {2005},
} 






%%%%%%%%%%%%%%%%%%%%%%%%%%%%

@misc{technicalreport,
 title = {{SPARQ-U}: Technical Report and Language Manual},
 note = {\url{http://cs.tau.ac.il/~amitsome/pdf/sparqu_full.pdf}},
  year={2017},
  key = {{SPARQ-U}}
}

@misc{jena,
	title = {Apache Jena library},
	note = {\url{https://jena.apache.org/}},
	year={2017},
	key = {{jena}}
}






%% Expert finding
@inproceedings{pudipeddi2014user,
	title={User churn in focused question answering sites: characterizations and prediction},
	author={Pudipeddi, Jagat Sastry and Akoglu, Leman and Tong, Hanghang},
	booktitle={WWW},
	year={2014},
	--organization={ACM}
}

@inproceedings{yao2011modeling,
	title={Modeling user expertise in folksonomies by fusing multi-type features},
	author={Yao, Junjie and Cui, Bin and Han, Qiaosha and Zhang, Ce and Zhou, Yanhong},
	booktitle={DASFAA},
	pages={53--67},
	year={2011},
	organization={Springer}
}

@article{balog2009language,
	title={A language modeling framework for expert finding},
	author={Balog, Krisztian and Azzopardi, Leif and de Rijke, Maarten},
	journal={Information Processing \& Management},
	year={2009},
	publisher={Elsevier}
}

@inproceedings{lappas2009finding,
  title={Finding a team of experts in social networks},
  author={Lappas, Theodoros and Liu, Kun and Terzi, Evimaria},
  booktitle={SIGKDD},
 
  year={2009},
  
}
@inproceedings{bozzon2013choosing,
  author    = {Alessandro Bozzon and
               Marco Brambilla and
               Stefano Ceri and
               Matteo Silvestri and
               Giuliano Vesci},
  title     = {Choosing the right crowd: expert finding in social networks},
  booktitle = {{EDBT}},
  year      = {2013},
}
%  pages     = {637--648},

@article{Tang:2011:TLE:1938275.1938277,
  title={Topic level expertise search over heterogeneous networks},
  author={Tang, Jie and Zhang, Jing and Jin, Ruoming and Yang, Zi and Cai, Keke and Zhang, Li and Su, Zhong},
  journal={Mach. Learn.},  
  year={2011},
  publisher={Springer}
}
%pages={211--237},
 % volume={82},
  %number={2},



@inproceedings{callison2009fast,
  author    = {Chris Callison{-}Burch},
  title     = {Fast, Cheap, and Creative: Evaluating Translation Quality Using {Amazon}'s
               {Mechanical} {Turk}},
  booktitle = {{EMNLP}},

  year      = {2009},
}
 %pages     = {286--295},

@inproceedings{dekel2009vox,
  title={Vox populi: {C}ollecting high-quality labels from a crowd},
  author    = {Ofer Dekel and
               Ohad Shamir},
  booktitle={COLT},
  year={2009}
}
%  pages     = {1},

@inproceedings{fan2015icrowd,
  author    = {Ju Fan and
               Guoliang Li and
               Beng Chin Ooi and
               Kian{-}Lee Tan and
               Jianhua Feng},
  title     = {{iCrowd}: An Adaptive Crowdsourcing Framework},
  booktitle = {{SIGMOD}},
  -pages     = {1015--1030},
  year      = {2015},
}

@article{rahman2015worker,
  author    = {Habibur Rahman and
               Saravanan Thirumuruganathan and
               Senjuti Basu Roy and
               Sihem Amer{-}Yahia and
               Gautam Das},
  title     = {Worker Skill Estimation in Team-Based Tasks},
  journal   = {{PVLDB}},
  year      = {2015},
}
%  pages     = {1142--1153},

@inproceedings{yan2011active,
  title={Active learning from crowds},
  author    = {Yan Yan and
               R{\'{o}}mer Rosales and
               Glenn Fung and
               Jennifer G. Dy},
  booktitle={ICML},
  year={2011}
}
%  pages     = {1161--1168},

@inproceedings{tang2008arnetminer,
  title={Arnetminer: extraction and mining of academic social networks},
  author={Tang, Jie and Zhang, Jing and Yao, Limin and Li, Juanzi and Zhang, Li and Su, Zhong},
  booktitle={SIGKDD},
  year={2008},
}
%pages={990--998},

@inproceedings{zhao2014socialtransfer,
  author    = {Zhou Zhao and
               James Cheng and
               Furu Wei and
               Ming Zhou and
               Wilfred Ng and
               Yingjun Wu},
  title     = {{SocialTransfer}: Transferring Social Knowledge for Cold-Start Cowdsourcing},
  booktitle = {{CIKM}},
  year      = {2014},
}
%  pages     = {779--788},


%% Collaborative filtering

@inproceedings{Maniu:2012:TEP:2213836.2213926,
 author = {Maniu, Silviu and Cautis, Bogdan},
 title = {Taagle: Efficient, Personalized Search in Collaborative Tagging Networks},
 series = {SIGMOD},
 year = {2012},

} 
 booktitle = {Proceedings of the 2012 ACM SIGMOD International Conference on Management of Data},
 address = {New York, NY, USA},
 keywords = {social applications, social search, threshold algorithms},



@article{Amer-Yahia:2009:GRS:1687627.1687713,
 author = {Amer-Yahia, Sihem and Roy, Senjuti Basu and Chawlat, Ashish and Das, Gautam and Yu, Cong},
 title = {Group Recommendation: Semantics and Efficiency},
 journal = {Proc. VLDB Endow.},
 year = {2009},

} 
% publisher = {VLDB Endowment},

%survey
@article{adomavicius2005toward,
  author    = {Gediminas Adomavicius and
               Alexander Tuzhilin},
  title     = {Toward the Next Generation of Recommender Systems: {A} Survey of the
               State-of-the-Art and Possible Extensions},
  journal   = {{IEEE}},
  volume    = {17},
  number    = {6},
  year      = {2005},
}
%  pages     = {734--749},

@inproceedings{benticha2012user,
  author    = {Ben Ticha, Sonia  and
                Roussanaly, Azim and
                Boyer, Anne and
                Bsa{\"{\i}}es, Khaled},
  title     = {User Semantic Preferences for Collaborative Recommendations},
  booktitle = {{EC-Web}},
  year      = {2012},
}
%  pages     = {203--211},


@inproceedings{Bian:2008:FRF:1367497.1367561,
 author = {Bian, Jiang and Liu, Yandong and Agichtein, Eugene and Zha, Hongyuan},
 title = {Finding the Right Facts in the Crowd: Factoid Question Answering over Social Media},
 booktitle = {WWW},
 year = {2008},

} 
 series = {WWW '08},



@inproceedings{boim2011diversification,
  author    = {Rubi Boim and
               Tova Milo and
               Slava Novgorodov},
  title     = {Diversification and refinement in collaborative filtering recommender},
  booktitle = {{CIKM}},
  year      = {2011},
}
%  pages     = {739--744},

@inproceedings{dinoia2012linked,
  author    = {Di Noia, Tommaso  and
               Mirizzi, Roberto  and
               Ostuni, Vito Claudio  and
               Romito, Davide and
               Zanker, Markus},
  title     = {Linked open data to support content-based recommender systems},
  booktitle = {{I-SEMANTICS}},
  year      = {2012},
}
%  pages     = {1--8},

@inproceedings{mobasher2003semantically,
  author    = {Bamshad Mobasher and
               Xin Jin and
               Yanzan Zhou},
  title     = {Semantically Enhanced Collaborative Filtering on the Web},
  booktitle = {{EMWF}},
  year      = {2003},
}
%  pages     = {57--76},

@inproceedings{ostuni2013mobile,
  author    = {Vito Claudio Ostuni and
               Giosia Gentile and
               Tommaso Di Noia and
               Roberto Mirizzi and
               Davide Romito and
               Eugenio Di Sciascio},
  title     = {Mobile Movie Recommendations with Linked Data},
  booktitle = {{CD-ARES}},
  year      = {2013},
}
%  pages     = {400--415},


%%ontologies
@inproceedings{eckert2010crowdsourcing,
  title={Crowdsourcing the assembly of concept hierarchies},
  author={Eckert, Kai and Niepert, Mathias and Niemann, Christof and Buckner, Cameron and Allen, Colin and Stuckenschmidt, Heiner},
  booktitle={JCDL},
  year={2010}
}
%  pages={139--148},

@inproceedings{kawakubo2010automatic,
  title={Automatic construction of a folksonomy-based visual ontology},
  author={Kawakubo, Hidetoshi and Akima, Yuuta and Yanai, Keiji},
  booktitle={ISM},
  year={2010}
}
 % pages={330--335},

@incollection{lin2010computational,
  title={Computational and crowdsourcing methods for extracting ontological structure from folksonomy},
  author={Lin, Huairen and Davis, Joseph},
  booktitle={The Semantic Web: Research and Applications},
  year={2010},
  publisher={Springer}
}
%  pages={472--477},

@article{braun2007ontology,
  title={Ontology Maturing: a Collaborative {Web 2.0} Approach to Ontology Engineering},
  author={Braun, Simone and Schmidt, Andreas P and Walter, Andreas and Nagypal, Gabor and Zacharias, Valentin},
  journal={Ckc},
  volume={273},
  year={2007}
}

@misc{dbpedia,
 title = {About {DBpedia}},
 note = {\url{http://wiki.dbpedia.org/about}},
   year={2017},
 key = {{DBpedia}}
}

@misc{okcupid,
 title = {{OkCupid}},
 howpublished = {\url{https://www.okcupid.com/}},
 key = {okcupid}
}

@misc{tripAdvisor,
 title = {{Tripadisor}},
 howpublished = {\url{https://www.tripadvisor.com/}},
 key = {tripAdvisor}
}

@misc{sparql-guide,
 title = {{SPARQL-Guide}},
 howpublished = {\url{https://www.w3.org/TR/rdf-sparql-query/}},
 key = {sparql-guide}
}


@misc{StackOverflow,
	title = {Stack Overflow website},
	note = {\url{http://stackoverflow.com/}},
	year={2017},
	key = {{StackOverflow}}
}

@misc{SVM,
	title = {Scikit-Learn: SVM},
	note = {
	\url{http://scikit-learn.org/stable/modules/svm.html}},
	year={2017},
	key = {{SVM}}
}




% data mining

@inproceedings{agarwal1994fast,
  author    = {Rakesh Agrawal and
               Ramakrishnan Srikant},
  title     = {Fast Algorithms for Mining Association Rules in Large Databases},
  booktitle = {VLDB},
  year      = {1994},
}
%  pages     = {487-499},

@inproceedings{bayardo1998efficiently,
  title={Efficiently mining long patterns from databases},
  author    = {Bayardo, Jr., Roberto J.},
  booktitle = {SIGMOD},
  year      = {1998},
}
%  pages={85--93},

@inproceedings{srikant1995mining,
  author    = {Ramakrishnan Srikant and
               Rakesh Agrawal},
  title     = {Mining Generalized Association Rules},
  booktitle = {VLDB},
  year      = {1995},
}
%  pages     = {407-419},

@article{eiter2008computational,
  title={Computational aspects of monotone dualization: A brief survey},
  author={Eiter, T. and Makino, K. and Gottlob, G.},
  journal={Discrete Applied Mathematics},
  volume={156},
  number={11},
  year={2008},
}
%  pages={2035--2049},

@inproceedings{gottlob2013deciding,
  author    = {Georg Gottlob},
  title     = {Deciding monotone duality and identifying frequent itemsets
               in quadratic logspace},
  booktitle = {PODS},
  year      = {2013},
}
%  pages     = {25-36},

@article{mannila1997levelwise,
  title={Levelwise search and borders of theories in knowledge discovery},
  author={Mannila, Heikki and Toivonen, Hannu},
  journal={Data mining and knowledge discovery},
  volume={1},
  number={3},
  year={1997},
}

@article{gunopulos2003discovering,
  title={Discovering all most specific sentences},
  author={Gunopulos, Dimitrios and Khardon, Roni and Mannila, Heikki and Saluja, Sanjeev and Toivonen, Hannu and Sharma, Ram Sewak},
  journal={TODS},
  volume={28},
  number={2},
  year={2003},

}

% crowd mining
@inproceedings{amsterdamer2013crowd,
  author    = {Yael Amsterdamer and
               Yael Grossman and
               Tova Milo and
               Pierre Senellart},
  title     = {Crowd Mining},
  booktitle = {SIGMOD},
  year      = {2013},
}
%  pages     = {241-252},

@article{amsterdamer2013crowdminer,
  author    = {Yael Amsterdamer and
               Yael Grossman and
               Tova Milo and
               Pierre Senellart},
  title     = {{CrowdMiner}: Mining association rules from the crowd},
  journal   = {PVLDB},
  volume    = {6},
  number    = {12},
  year      = {2013},
}
%  pages     = {1250-1253},

% crowdsourcing

@inproceedings{boim2012asking,
  title={Asking the right questions in crowd data sourcing},
  author={Boim, Rubi and Greenshpan, Ohad and Milo, Tova and Novgorodov, Slava and Polyzotis, Neoklis and Tan, Wang-Chiew},
  booktitle={ICDE},
  year={2012},
}

@article{slava2013answering,
  author    = {Haim Kaplan and
               Ilia Lotosh and
               Tova Milo and
               Slava Novgorodov},
  title     = {Answering Planning Queries with the Crowd},
  journal   = {PVLDB},
  volume    = {6},
  number    = {9},
  year      = {2013},
}

@article{doan2011crowdsourcing,
  author    = {AnHai Doan and
               Raghu Ramakrishnan and
               Alon Y. Halevy},
  title     = {Crowdsourcing systems on the {World-Wide Web}},
  journal   = {Commun. {ACM}},
  volume    = {54},
  number    = {4},
  year      = {2011},
}


@article{doan2011platforms,
  title={Crowdsourcing applications and platforms: {A} data management perspective},
  author={Doan, A. and Franklin, M. and Kossmann, D. and Kraska, T.},
  journal={PVLDB},
  volume={4},
  number={12},
  year={2011},
}

@article{parameswaran2011human,
  title={Human-assisted graph search: it's okay to ask questions},
  author={Parameswaran, A. and Sarma, A.D. and Garcia-Molina, H. and Polyzotis, N. and Widom, J.},
  journal={PVLDB},
  volume={4},
  number={5},
  year={2011},
}
%  pages={267--278},

@misc{mturk,
 title = {{Amazon} {Mechanical Turk}},
 howpublished = {\url{https://www.mturk.com}},
 key = {MechanicalTurk},
}

@inproceedings{franklin2011crowddb,
  title={{CrowdDB}: answering queries with crowdsourcing},
  author={Franklin, M.J. and Kossmann, D. and Kraska, T. and Ramesh, S. and Xin, R.},
  booktitle={SIGMOD},
  year={2011},
}

@inproceedings{trushkowsky2013crowdsourced,
  author    = {Beth Trushkowsky and
               Tim Kraska and
               Michael J. Franklin and
               Purnamrita Sarkar},
  title     = {Crowdsourced enumeration queries},
  booktitle = {ICDE},
  year      = {2013},
}
%  pages     = {673-684}

@inproceedings{parameswaran2012deco,
  author    = {Aditya G. Parameswaran and
               Hyunjung Park and
               Hector Garcia-Molina and
               Neoklis Polyzotis and
               Jennifer Widom},
  title     = {{Deco}: declarative crowdsourcing},
  booktitle = {CIKM},
  year      = {2012},
}
%  pages     = {1203-1212},

@inproceedings{parameswaran2013crowdscreen,
  author    = {Aditya G. Parameswaran and
               Hector Garcia-Molina and
               Hyunjung Park and
               Neoklis Polyzotis and
               Aditya Ramesh and
               Jennifer Widom},
  title     = {{CrowdScreen}: algorithms for filtering data with humans},
  booktitle = {SIGMOD},
  year      = {2012},
}
%  pages     = {361-372},

@inproceedings{marcus2011crowdsourced,
  title={Crowdsourced databases: query processing with people},
  author={Marcus, A. and Wu, E. and Karger, D.R. and Madden, S. and Miller, R.C.},
  year={2011},
  booktitle={CIDR}
}

@inproceedings{davidson2013crowd,
  author    = {Susan B. Davidson and
               Sanjeev Khanna and
               Tova Milo and
               Sudeepa Roy},
  title     = {Using the crowd for top-k and group-by queries},
  booktitle = {ICDT},
  year      = {2013},
}
%  pages     = {225-236},

@inproceedings{zheng2015QASCA,
  author    = {Yudian Zheng and
               Jiannan Wang and
               Guoliang Li and
               Reynold Cheng and
               Jianhua Feng},
  title     = {{QASCA:} {A} Quality-Aware Task Assignment System for Crowdsourcing
               Applications},
  booktitle = {{SIGMOD}},
  year      = {2015},
}
 %pages     = {1031--1046},

@inproceedings{gonnokami2013condition,
  author    = {Kenji Gonnokami and
               Atsuyuki Morishima and
               Hiroyuki Kitagawa},
  title     = {Condition-Task-Store: A Declarative Abstraction for Microtask-based
               Complex Crowd-sourcing},
  booktitle = {DBCrowd},
  year      = {2013},
}
%  pages     = {20-25},

@article{wang2012crowder,
  author    = {Jiannan Wang and
               Tim Kraska and
               Michael J. Franklin and
               Jianhua Feng},
  title     = {{CrowdER}: crowdsourcing Entity Resolution},
  journal   = {PVLDB},
  volume    = {5},
  number    = {11},
  year      = {2012},
}
 % pages     = {1483-1494},

@inproceedings{guo2012dynamic,
  author    = {Stephen Guo and
               Aditya G. Parameswaran and
               Hector Garcia-Molina},
  title     = {So who won?: dynamic $\max$ discovery with the crowd},
  booktitle = {SIGMOD},
  year      = {2012},
}
% pages     = {385-396},

@inproceedings{venetis2012max,
  author    = {Petros Venetis and
               Hector Garcia-Molina and
               Kerui Huang and
               Neoklis Polyzotis},
  title     = {Max algorithms in crowdsourcing environments},
  booktitle = {WWW},
  year      = {2012},
}
%  pages     = {989-998},

@article{marcus2011human,
  author    = {Adam Marcus and
               Eugene Wu and
               David R. Karger and
               Samuel Madden and
               Robert C. Miller},
  title     = {Human-powered Sorts and Joins},
  journal   = {PVLDB},
  volume    = {5},
  number    = {1},
  year      = {2011},
}
%pages     = {13-24},

@inproceedings{marcus2012counting,
  title={Counting with the Crowd},
  author={Marcus, Adam and Karger, David and Madden, Samuel and Miller, Robert and Oh, Sewoong},
  booktitle={VLDB},
  year={2012},
}
%  pages={109--120},

@inproceedings{wang2013leveraging,
  author    = {Jiannan Wang and
               Guoliang Li and
               Tim Kraska and
               Michael J. Franklin and
               Jianhua Feng},
  title     = {Leveraging transitive relations for crowdsourced joins},
  booktitle = {SIGMOD},
  year      = {2013},
}

%%psychology
@article{bradburn1987answering,
  title={Answering autobiographical questions: the impact of memory and inference on surveys},
  author={Bradburn, N.M. and Rips, L.J. and Shevell, S.K.},
  journal={Science},
  volume={236},
  number={4798},
  year={1987},
}

@article{crawford2001web,
  title={Web surveys: perceptions of burden},
  author={Crawford, Scott D and Couper, Mick P and Lamias, Mark J},
  journal={Soc. sci. comp. rev.},
  volume={19},
  number={2},
  year={2001},
}
%  pages={146--162},

@article{yan2008fast,
  title={Fast times and easy questions: the effects of age, experience and question complexity on web survey response times},
  author={Yan, Ting and Tourangeau, Roger},
  journal={App. Cog. Psych.},
  volume={22},
  number={1},
  year={2008},
}
%   pages={51--68},

% taxonomies

@article{schriml2012disease,
  title={{Disease} {Ontology}: a backbone for disease semantic integration},
  author={Schriml, Lynn Marie and Arze, Cesar and Nadendla, Suvarna and Chang, Yu-Wei Wayne and Mazaitis, Mark and Felix, Victor and Feng, Gang and Kibbe, Warren Alden},
  journal={Nucleic acids research},
  volume={40},
  number={D1},
  year={2012},
}
% pages={D940--D946},

@article{wordnet,
  title={{WordNet}: a lexical database for {English}},
  author={Miller, George A},
  journal={Comm. {ACM}},
  volume={38},
  number={11},
  year={1995}
}
%  pages={39--41},

@inproceedings{suchanek2007yago,
 author = {Fabian M. Suchanek and Gjergji Kasneci and Gerhard Weikum},
 title = {Yago: A Core of Semantic Knowledge},
 booktitle = {WWW},
 year = {2007}
}

@article{hoffart2013yago2,
  author    = {Johannes Hoffart and
               Fabian M. Suchanek and
               Klaus Berberich and
               Gerhard Weikum},
  title     = {{YAGO2}: A spatially and temporally enhanced knowledge base
               from {Wikipedia}},
  journal   = {Artif. Intell.},
  volume    = {194},
  year      = {2013},
}
%  pages     = {28-61},

@misc{foursquare,
 title = {Foursquare},
 howpublished = {\url{https://developer.foursquare.com/}},
 key = {Foursquare},
}

@misc{foursquare,
 title = {OkCupid},
 howpublished = {\url{https://www.okcupid.com/}},
 key = {OkCupid},
}

% order theory
@article{linial1985every,
  title={Every poset has a central element},
  author={Linial, N. and Saks, M.},
  journal={J. Combinatorial Theory},
  volume={40},
  number={2},
  year={1985},
}
%  pages={195--210},

@article{faigle1986searching,
  author    = {Ulrich Faigle and
               L{\'a}szl{\'o} Lov{\'a}sz and
               Rainer Schrader and
               Gy{\"o}rgy Tur{\'a}n},
  title     = {Searching in Trees, Series-Parallel and Interval Orders},
  journal   = {SIAM J. Comput.},
  volume    = {15},
  number    = {4},
  year      = {1986},
}
%  pages     = {1075-1084},

@inproceedings{dubhashi1993searching,
  author    = {Devdatt P. Dubhashi and
               Kurt Mehlhorn and
               Desh Ranjan and
               Christian Thiel},
  title     = {Searching, Sorting and Randomised Algorithms for Central
               Elements and Ideal Counting in Posets},
  booktitle = {FSTTCS},
  year      = {1993},
}
%  pages     = {436-443},

% boolean function learning

@article{bioch1995complexity,
  title={Complexity of identification and dualization of positive {Boolean} functions},
  author={Bioch, J.C. and Ibaraki, T.},
  journal={Inf. Comput.},
  volume={123},
  number={1},
  year={1995}
}
 % pages={50--63},

 @article{hansel1966nombre,
  title={Sur le nombre des fonctions bool\'eennes monotones de $n$ variables},
  author={Hansel, Georges},
  journal={Comptes Rendus de l'Acad\'{e}mie des Sciences},
  volume={262},
  number={A},
  year={1966}
}
%  pages={1088--1090},

@article{korobkov1965estimating,
  title={On monotone functions of the algebra of logic},
  author={Korobkov, V. K.},
  journal={Problemy Kibernetiki},
  volume={13},
  year={1965}
}
 % pages={5--28},

 @article{gainanov1984one,
  title={On one criterion of the optimality of an algorithm for evaluating
    monotonic {Boolean} functions},
  author={Gainanov, D. N.},
  journal={USSR Comp. Math. and Math. Phys.},
  volume={24},
  number={4},
  year={1984},
}
%  pages={176--181},

@article{bshouty1995exact,
  author    = {Nader H. Bshouty},
  title     = {Exact Learning {Boolean} Functions via the Monotone Theory},
  journal   = {Inf. Comput.},
  volume    = {123},
  number    = {1},
  year      = {1995},
}
%  pages     = {146-153},

@article{kovalerchuk1996interactive,
  title={Interactive learning of monotone {Boolean} functions},
  author={Kovalerchuk, Boris and Triantaphyllou, Evangelos and Deshpande, Aniruddha S and Vityaev, Evgenii},
  journal={Inf. Sci.},
  volume={94},
  number={1},
  year={1996},
}
%  pages={87--118},

%others
@article{provan1983complexity,
  title={The complexity of counting cuts and of computing the probability that a graph is connected},
  author={Provan, J.S. and Ball, M.O.},
  journal={SIAM},
  year={1983},
}
%  pages={777--788},

@article{dilworth1950decomposition,
  title={A decomposition theorem for partially ordered sets},
  author={Dilworth, Robert P},
  journal={Ann. Math.},
  volume={51},
  number={1},
  year={1950},
}
%  pages={161--166},

@inproceedings{fulkerson1956note,
  title={Note on {Dilworth's} decomposition theorem for partially ordered sets},
  author={Fulkerson, Delbert Ray},
  booktitle={Proc. Amer. Math. Soc},
  volume={7},
  year={1956}
}
%  pages={701--702},

@article{hopcroft1973n52,
  title={An n\^{}5/2 algorithm for maximum matchings in bipartite graphs},
  author={Hopcroft, John E and Karp, Richard M},
  journal={SIAM J. Comp.},
  volume={2},
  number={4},
  year={1973},
}
 % pages={225--231},

%pages     = {15-25},

%% RDF

@article{RDF,
  title={Resource description framework ({RDF}): Concepts and abstract syntax},
  author={Klyne, Graham and Carroll, Jeremy J and McBride, Brian},
  journal={{W3C} rec.},
  volume={10},
  year={2004}
}


@article{OWL,
  title={{OWL} web ontology language overview},
  author={McGuinness, Deborah L and Van Harmelen, Frank and others},
  journal={{W3C} rec.},
  volume={10},
  pages={10},
  year={2004}
}

@article{decker2000semantic,
  title={The semantic web: The roles of {XML} and {RDF}},
  author={Decker, Stefan and Melnik, Sergey and Van Harmelen, Frank and Fensel, Dieter and Klein, Michel and Broekstra, Jeen and Erdmann, Michael and Horrocks, Ian},
  journal={Internet Computing},
  volume={4},
  number={5},
  year={2000}
}

@article{brickley2004rdf,
  title={{RDF} vocabulary description language 1.0: {RDF} schema},
  author={Brickley, Dan and Guha, Ramanathan V},
  year={2004}
}
%  pages={63--73},



%SPARQL

@article{prud2008sparql,
  title={{SPARQL} query language for {RDF}},
  author={Prud'Hommeaux, Eric and Seaborne, Andy and others},
  journal={{W3C} rec.},
  volume={15},
  year={2008}
}

% data mining query languages

@inproceedings{han1996dmql,
  title={{DMQL}: A data mining query language for relational databases},
  author={Han, Jiawei and Fu, Yongjian and Wang, Wei and Koperski, Krzysztof and Zaiane, Osmar and others},
  booktitle={SIGMOD},
  volume={96},
  year={1996}
}

@article{imielinski1999msql,
  title={MSQL: A query language for database mining},
  author={Imieli{\'n}ski, Tomasz and Virmani, Aashu},
  journal={Data Mining and Knowledge Discovery},
  volume={3},
  number={4},
  year={1999}
}
%  pages={373--408},

@incollection{boulicaut2005data,
  title={Data mining query languages},
  author={Boulicaut, Jean-Francois and Masson, Cyrille},
  booktitle={Data Mining and Knowledge Discovery Handbook},
  year={2005},

}
  publisher={Springer}
 % pages={715--726},

 % RDF mining
 @article{jiang2007mining,
  title={Mining generalized associations of semantic relations from textual web content},
  author={Jiang, Tao and Tan, Ah-Hwee and Wang, Ke},
  journal={Know. and Data Eng., IEEE Tran.},
  volume={19},
  number={2},
  year={2007}
}
%  pages={164--179},

@article{stumme2006semantic,
  title={Semantic web mining: State of the art and future directions},
  author={Stumme, Gerd and Hotho, Andreas and Berendt, Bettina},
  journal={J. Web Semantics},
  volume={4},
  number={2},
  year={2006}
}
%  pages={124--143},

%% full paper

@inproceedings{amsterdamer2014oassis,
  author    = {Yael Amsterdamer and
               Susan B. Davidson and
               Tova Milo and
               Slava Novgorodov and
               Amit Somech},
  title     = {{OASSIS}: query driven crowd mining},
  booktitle = {SIGMOD},
  year      = {2014},
}
%pages     = {589-600},

@proceedings{Li:2008:1401890,
 title = {KDD '08: Proceedings of the 14th ACM SIGKDD International Conference on Knowledge Discovery and Data Mining},
 year = {2008},
 isbn = {978-1-60558-193-4},
 location = {Las Vegas, Nevada, USA},
 note = {618082},
 publisher = {ACM},
 address = {New York, NY, USA},
}

@online{WinNT,
  title = {THE CORPUS OF CONTEMPORARY
AMERICAN ENGLISH (COCA)},
  url = {http://corpus.byu.edu/coca/},
  urldate = {2015-01-08}
}

%% Similarity
@inproceedings{seco2004intrinsic,
  author    = {Nuno Seco and
               Tony Veale and
               Jer Hayes},
  title     = {An Intrinsic Information Content Metric for Semantic Similarity in
               {WordNet}},
  booktitle = {{ECAI}},
  year      = {2004},
}
%  pages     = {1089--1090},

@inproceedings{resnik1995using,
  author    = {Philip Resnik},
  title     = {Using Information Content to Evaluate Semantic Similarity in a Taxonomy},
  booktitle = {{IJCAI}},
  year      = {1995},
}
%  pages     = {448--453},

%%diversification

@inproceedings{elarini2009turning,
  author    = {Khalid El{-}Arini and
               Gaurav Veda and
               Dafna Shahaf and
               Carlos Guestrin},
  title     = {Turning down the noise in the blogosphere},
  booktitle = {{SIGKDD}},
  year      = {2009},
}
%  pages     = {289--298},

@inproceedings{saidi2014approach,
  author    = {Im{\`{e}}ne Saidi and
               Sihem Amer{-}Yahia and
               Safia Nait Bahloul},
  title     = {An Approach to Diversify Entity Search Results},
  booktitle = {{ICAASE}},
  year      = {2014},
}
%  pages     = {44--51},

@inproceedings{servajean2013profile,
  author    = {Maximilien Servajean and
               Esther Pacitti and
               Sihem Amer{-}Yahia and
               Pascal Neveu},
  title     = {Profile diversity in search and recommendation},
  booktitle = {{WWW}},
  year      = {2013},
}
%  pages     = {973--980},

@inproceedings{yu2009variety,
  author    = {Cong Yu and
               Laks V. S. Lakshmanan and
               Sihem Amer{-}Yahia},
  title     = {It takes variety to make a world: diversification in recommender systems},
  booktitle = {{EDBT}},
  year      = {2009},
}
%  pages     = {368--378},

%% Task assignment
@inproceedings{mavridis2015skill,
  title={Skill-Aware Task Assignment in Crowdsourcing Applications},
  author={Mavridis, Panagiotis and Gross-Amblard, David and Mikl{\'o}s, Zolt{\'a}n},
  booktitle={Int. Sym. Web Algo.},
  year={2015}
}

@article{roy2014task,
  author    = {Senjuti Basu Roy and
               Ioanna Lykourentzou and
               Saravanan Thirumuruganathan and
               Sihem Amer{-}Yahia and
               Gautam Das},
  title     = {Task assignment optimization in knowledge-intensive crowdsourcing},
  journal   = {{PVLDB}},
  year      = {2015},
}
%  pages     = {467--491},
%  volume    = {24},
%number    = {4},

%% crowdsourcing
@inproceedings{acosta2015hybrid,
  author    = {Maribel Acosta},
  title     = {A Hybrid Approach to Perform Efficient and Effective Query Execution
               Against Public {SPARQL} Endpoints},
  booktitle = {{WWW}},
  year      = {2015},
}
%  pages     = {469--473},

@inproceedings{amarilli2014complexity,
  author    = {Antoine Amarilli and
               Yael Amsterdamer and
               Tova Milo},
  title     = {On the Complexity of Mining Itemsets from the Crowd Using
               Taxonomies},
  booktitle = {ICDT},
  year      = {2014},
}
%pages     = {15-25},

@inproceedings{amarilli2017top,
  title={Top-k Queries on Unknown Values under Order Constraints},
  author={Antoine Amarilli and Yael Amsterdamer and Tova Milo and Pierre Senellart},
  booktitle={{ICDT}},
  -address={Venice, Italy},
  -pages={5:1--5:18},
  -month=mar,
  year={2017},
}

@inproceedings{amsterdamer2015managing,
  title={Managing General and Individual Knowledge in Crowd Mining Applications},
  author={Yael Amsterdamer and Susan B. Davidson and Anna Kukliansky and Tova Milo and Slava Novgorodov and Amit Somech},
  booktitle={CIDR},
  year={2015},
}
%  pages={153--164},



@article{amsterdamer2014ontology,
  author    = {Yael Amsterdamer and
               Susan B. Davidson and
               Tova Milo and
               Slava Novgorodov and
               Amit Somech},
  title     = {Ontology Assisted Crowd Mining},
  journal   = {{PVLDB}},
  volume    = {7},
  number    = {13},
  year      = {2014},
}
%  pages     = {1597--1600},

@inproceedings{amsterdamer2013crowd,
  author    = {Yael Amsterdamer and
               Yael Grossman and
               Tova Milo and
               Pierre Senellart},
  title     = {Crowd Mining},
  booktitle = {SIGMOD},
  year      = {2013},
}
%  pages     = {241-252},




@article{amsterdamer2015natural,
  author    = {Yael Amsterdamer and
               Anna Kukliansky and
               Tova Milo},
  title     = {A Natural Language Interface for Querying General and Individual Knowledge},
  journal   = {{PVLDB}},
  volume    = {8},
  number    = {12},
  year      = {2015},
}
%  pages     = {1430--1441},

@inproceedings{davidson2013crowd,
  author    = {Susan B. Davidson and
               Sanjeev Khanna and
               Tova Milo and
               Sudeepa Roy},
  title     = {Using the crowd for top-k and group-by queries},
  booktitle = {ICDT},
  year      = {2013},
}
%  pages     = {225-236},



@inproceedings{franklin2011crowddb,
  title={{CrowdDB}: answering queries with crowdsourcing},
  author={Franklin, M.J. and Kossmann, D. and Kraska, T. and Ramesh, S. and Xin, R.},
  booktitle={SIGMOD},
  year={2011},
}

@article{marcus2011human,
  author    = {Adam Marcus and
               Eugene Wu and
               David R. Karger and
               Samuel Madden and
               Robert C. Miller},
  title     = {Human-powered Sorts and Joins},
  journal   = {PVLDB},
  volume    = {5},
  number    = {1},
  year      = {2011},
}
%pages     = {13-24},

@inproceedings{parameswaran2012deco,
  author    = {Aditya G. Parameswaran and
               Hyunjung Park and
               Hector Garcia-Molina and
               Neoklis Polyzotis and
               Jennifer Widom},
  title     = {{Deco}: declarative crowdsourcing},
  booktitle = {CIKM},
  year      = {2012},
}
%  pages     = {1203-1212},

@inproceedings{park2014crowdfill,
  author    = {Hyunjung Park and
               Jennifer Widom},
  title     = {{CrowdFill}: collecting structured data from the crowd},
  booktitle = {SIGMOD},
  year      = {2014},
  pages     = {577-588},
}




%% exploration

@inproceedings{abouzied2013learning,
  author    = {Azza Abouzied and
               Dana Angluin and
               Christos H. Papadimitriou and
               Joseph M. Hellerstein and
               Avi Silberschatz},
  title     = {Learning and verifying quantified boolean queries by example},
  booktitle = {{PODS}},
  year      = {2013},
}
%  pages     = {49--60},

%% LCA

@inproceedings{bender2001finding,
  author    = {Michael A. Bender and
               Giridhar Pemmasani and
               Steven Skiena and
               Pavel Sumazin},
  title     = {Finding least common ancestors in directed acyclic graphs},
  booktitle = {{SODA}},

  year      = {2001},
}
  -pages     = {845--854},

@article{czumaj2007faster,
  author    = {Artur Czumaj and
               Miroslaw Kowaluk and
               Andrzej Lingas},
  title     = {Faster algorithms for finding lowest common ancestors in directed
               acyclic graphs},
  journal   = {Theor. Comput. Sci.},
  volume    = {380},
  number    = {1-2},
  year      = {2007},
}
%  pages     = {37--46},

@article{fischer2010new,
  author    = {Johannes Fischer and
               Daniel H. Huson},
  title     = {New common ancestor problems in trees and directed acyclic graphs},
  journal   = {Inf. Process. Lett.},
  volume    = {110},
  number    = {8-9},
  year      = {2010},
}
%  pages     = {331--335},

@inproceedings{kowaluk2005lca,
  author    = {Miroslaw Kowaluk and
               Andrzej Lingas},
  title     = {{LCA} Queries in Directed Acyclic Graphs},
  booktitle = {{ICALP}},
  year      = {2005},
}
%  pages     = {241--248},

%%%%%%%%%%%%%AMiner%%%%%%%%%%%%%%%
@inproceedings{Tang:2008:AEM:1401890.1402008,
 author = {Tang, Jie and Zhang, Jing and Yao, Limin and Li, Juanzi and Zhang, Li and Su, Zhong},
 title = {ArnetMiner: Extraction and Mining of Academic Social Networks},
 booktitle = {SIGKDD},
 series = {KDD '08},
 year = {2008},
 publisher = {ACM},
} 
%%%%%%profile builder%%%%%%%%%
@inproceedings{Difallah:2013:PTM:2488388.2488421,
 author = {Difallah, Djellel Eddine and Demartini, Gianluca and Cudr{\'e}-Mauroux, Philippe},
 title = {Pick-a-crowd: Tell Me What You Like, and I'Ll Tell You What to Do},
 booktitle = {WWW},
 year = {2013}
}

%%%%%%%%% Source Selection %%%%%%%%%%%%%
@inproceedings{rekatsinas2014characterizing,
  title={Characterizing and selecting fresh data sources},
  author={Rekatsinas, Theodoros and Dong, Xin Luna and Srivastava, Divesh},
  booktitle={{SIGMOD}},
  year={2014},

}
 %pages={919--930},

@article{salloum2013online,
  title={Online ordering of overlapping data sources},
  author={Salloum, Mariam and Dong, Xin Luna and Srivastava, Divesh and Tsotras, Vassilis J},
  journal={{PVLDB}},
  volume={7},
  number={3},
  
  year={2013},

}
%pages={133--144},

@inproceedings{Jeh:2002:SMS:775047.775126,
 author = {Jeh, Glen and Widom, Jennifer},
 title = {SimRank: A Measure of Structural-context Similarity},
 booktitle = {SIGKDD},

 year = {2002},
 

} 
 series = {KDD},
 pages = {538--543},
  address = {New York, USA},

@article{rastogi2011large,
  title={Large-scale collective entity matching},
  author={Rastogi, Vibhor and Dalvi, Nilesh and Garofalakis, Minos},
  journal={PVLDB},
  
  year={2011},

}

@inproceedings{liang2016links,
  title={What Links Alice and Bob?: Matching and Ranking Semantic Patterns in Heterogeneous Networks},
  author={Liang, Jiongqian and Ajwani, Deepak and Nicholson, Patrick K and Sala, Alessandra and Parthasarathy, Srinivasan},
  journal={WWW},
  
  year={2016},
  
}

@inproceedings{tian2016sling,
	title={Sling: A near-optimal index structure for SimRank},
	author={Tian, Boyu and Xiao, Xiaokui},
	journal={SIGMOD},
	year={2016},
	
}

@article{jiang2017reads,
	title={READS: a random walk approach for efficient and accurate dynamic SimRank},
	author={Jiang, Minhao and Fu, Ada Wai-Chee and Wong, Raymond Chi-Wing},
	journal={PVLDB},
	year={2017},
	publisher={VLDB Endowment}
}

%%%%%%%gene ontology%%%%%
@article{lord2003investigating,
	title={Investigating semantic similarity measures across the Gene Ontology: the relationship between sequence and annotation},
	author={Lord, Phillip W. and Stevens, Robert D. and Brass, Andy and Goble, Carole A.},
	journal={Bioinformatics},
	year={2003},
	publisher={Oxford University Press}
}

@article{harispe2013semantic,
	title={Semantic measures for the comparison of units of language, concepts or instances from text and knowledge base analysis},
	author={Harispe, S{\'e}bastien and Ranwez, Sylvie and Janaqi, Stefan and Montmain, Jacky},
	journal={arXiv preprint arXiv:1310.1285},
	year={2013}
}

@article{mazandu2016gene,
	title={Gene Ontology semantic similarity tools: survey on features and challenges for biological knowledge discovery},
	author={Mazandu, Gaston K and Chimusa, Emile R and Mulder, Nicola J},
	journal={Briefings in bioinformatics},
	year={2016},
	publisher={Oxford University Press}
}
